@article{web,
    author={Gunes Acar and Christian Eubank and Steven Englehardt and Marc Juarez and Arvind Narayanan and Claudia Diaz},
    title={The Web never Forgets: Persistent Tracking Mechanisms in the Wild},
    institution={KU Leuven},
    year=2014,
}

@article{canvas,
    author={Keaton Mowery and Hovav Shacham},
    title={Pixel Perfect: Fingerprinting Canvas in HTML5},
    institution={University of California, San Diego},
    year=2012
}

@article{hardware,
    author={Gabi Nakiblyand Gilad Shelef and Shiran Yudilevich},
    title={Hardware Fingerprinting Using HTML5},
    institution={Technion - Israel Institute of Technology},
    year=2015
}

@article{unique,
    author={Peter Eckersley},
    title={How Unique Is Your Web Browser?},
    institution={EFF},
    year=2010
}
